<?xml version="1.0" encoding="UTF-8" ?>
<Document xmlns="urn:iso:std:iso:20022:tech:xsd:camt.053.001.02" xmlns:xsi="http://www.w3.org/2001/XMLSchema-instance" xsi:schemaLocation="urn:iso:std:iso:20022:tech:xsd:camt.053.001.02 ">
	<BkToCstmrStmt>
		<GrpHdr>
			<MsgId>XML450920111103105456547</MsgId>
			<CreDtTm>2025-07-26T03:54:56Z</CreDtTm>
			<MsgRcpt>
				<Id>
					<OrgId>
						<Othr>
							<Id>Msg_Recipient_0001</Id>
							<SchmeNm>
								<Cd>BANK</Cd>
							</SchmeNm>
						</Othr>
					</OrgId>
				</Id>
			</MsgRcpt>
		</GrpHdr>
		<Stmt>
			<Id>1</Id>
			<ElctrncSeqNb>310</ElctrncSeqNb>
			<CreDtTm>2025-07-26T03:54:56Z</CreDtTm>
			<Acct>
				<Id>
					<Othr>
						<Id>22768976202121</Id>
						<SchmeNm>
							<Cd>BBAN</Cd>
						</SchmeNm>
					</Othr>
				</Id>
				<Ccy>DKK</Ccy>
				<Svcr>
					<FinInstnId>
						<BIC>NDEADKKK</BIC>
						<PstlAdr>
							<Ctry>DK</Ctry>
						</PstlAdr>
					</FinInstnId>
				</Svcr>
			</Acct>
			<Bal>
				<Tp>
					<CdOrPrtry>
						<Cd>OPBD</Cd>
					</CdOrPrtry>
				</Tp>
				<Amt Ccy="DKK">0.00</Amt>
				<CdtDbtInd>CRDT</CdtDbtInd>
				<Dt>
					<Dt>2025-07-25</Dt>
				</Dt>
			</Bal>
			<Bal>
				<Tp>
					<CdOrPrtry>
						<Cd>CLBD</Cd>
					</CdOrPrtry>
				</Tp>
				<Amt Ccy="DKK">4796.56</Amt>
				<CdtDbtInd>CRDT</CdtDbtInd>
				<Dt>
					<Dt>2025-07-25</Dt>
				</Dt>
			</Bal>
			<Ntry>
				<NtryRef>1</NtryRef>
				<Amt Ccy="DKK">4796.56</Amt>
				<CdtDbtInd>CRDT</CdtDbtInd>
				<Sts>BOOK</Sts>
				<BookgDt>
					<Dt>2025-07-25</Dt>
				</BookgDt>
				<ValDt>
					<Dt>2025-07-25</Dt>
				</ValDt>
				<AcctSvcrRef>Overforsel</AcctSvcrRef>
				<BkTxCd>
					<Domn>
						<Cd>XTND</Cd>
						<Fmly>
							<Cd>NTAV</Cd>
							<SubFmlyCd>NTAV</SubFmlyCd>
						</Fmly>
					</Domn>
				</BkTxCd>
				<NtryDtls>
					<TxDtls>
						<Refs>
							<PmtInfId>000000100083286</PmtInfId>
						</Refs>
						<RmtInf>
							<Ustrd>Juli 2025</Ustrd>
						</RmtInf>
					</TxDtls>
				</NtryDtls>
			</Ntry>
		</Stmt>
	</BkToCstmrStmt>
</Document>
